<?xml version="1.0" encoding="UTF-8"?><collection xmlns="http://www.loc.gov/MARC21/slim"><record><leader>00540nam--2200193-i-4500</leader><controlfield tag="001">000041450</controlfield><controlfield tag="002">20161230</controlfield><controlfield tag="005">20161230201043</controlfield><controlfield tag="008">060222s1000------------r-----000-0-eng-d</controlfield><datafield ind1=" " ind2=" " tag="020"><subfield code="a">0127577602</subfield></datafield><datafield ind1=" " ind2=" " tag="040"><subfield code="a">IFIN-HH</subfield></datafield><datafield ind1=" " ind2=" " tag="080"><subfield code="a">537.533.35:621.385.833</subfield></datafield><datafield ind1="1" ind2=" " tag="100"><subfield code="a">Wilson, Tony</subfield></datafield><datafield ind1="1" ind2="0" tag="245"><subfield code="a">Theory and practice of scanning optical microscopy</subfield><subfield code="c">Tony wilson, colin sheppard</subfield></datafield><datafield ind1=" " ind2=" " tag="260"><subfield code="a">London</subfield><subfield code="b">Academic Press</subfield><subfield code="c">1984</subfield></datafield><datafield ind1=" " ind2=" " tag="300"><subfield code="a">IX + 213 P</subfield></datafield><datafield ind1="1" ind2=" " tag="700"><subfield code="a">Sheppard, Colin</subfield></datafield><datafield ind1=" " ind2=" " tag="852"><subfield code="a">74783</subfield><subfield code="c">537.533.35</subfield></datafield><datafield ind1=" " ind2=" " tag="CAT"><subfield code="a">Sys</subfield><subfield code="c">20110915</subfield><subfield code="h">095720</subfield></datafield></record></collection>